10400000         2729009620001080354870000000377    00354908700000003717ASSISTEC INFORMATICA LTDA ME  CAIXA ECONOMICA FEDERAL                 21005201101274200226903000000                                                      000            
10400011T0100020 20729009620001080354870000000377    00354908700000003717ASSISTEC INFORMATICA LTDA ME                                                                                  000022691005201100000000                                 
1040001300001T 0600354908700000003717         870013051101               100520110000000000230230330365068000000001305117         0900000000000000008000000001305117                                  0000000000001900401010000                 
1040001300002U 06000000000000000000000000000000000000000000000000000000000000000000000023023000000000022833000000000000000000000000000000100520111105201111052011                                                                               
1040001300003T 0600354908700000003717         870023051141               100520110000000000267492370223568000000002305110         0900000000000000008000000002305110                                  0000000000001900401010000                 
1040001300004U 06000000000000000000000000000000000000000000000000000000000000000000000026749000000000026559000000000000000000000000000000100520111105201111052011                                                                               
1040001300005T 0600354908700000003717         870026051181               100520110000000000374502370311168000000002605114         0900000000000000008000000002605114                                  0000000000001900401010000                 
1040001300006U 06000000000000000000000000000000000000000000000000000000000000000000000037450000000000037260000000000000000000000000000000100520111105201111052011                                                                               
1040001300007T 0600354908700000003717         870030051141               100520110000000000142493410052568000000003005110         0900000000000000008000000003005110                                  0000000000001900401010000                 
1040001300008U 06000000000000000000000000000000000000000000000000000000000000000000000014249000000000014059000000000000000000000000000000100520111105201111052011                                                                               
1040001300009T 0600354908700000003717         870101090191               100520110000000001400003410091068000000010109015         0900000000000000008000000010109015                                  0000000000001900401010000                 
1040001300010U 06000000000000000000000000000000000000000007000000000000000000000000000133000000000000132810000000000000000000000000000000100520111105201111052011                                                                               
1040001300011T 0600354908700000003717         870102070101               100520110000000000150003410374668000000010207017         0900000000000000008000000010207017                                  0000000000001900401010000                 
1040001300012U 06000000000000000000000000000000000000000000000000000000000000000000000015000000000000014810000000000000000000000000000000100520111105201111052011                                                                               
1040001300013T 0600354908700000003717         870102100111               100520110000000002566830330000168000000010210018         0900000000000000008000000010210018                                  0000000000001900401010000                 
1040001300014U 06000000000000000000000000000000000000000000000000000000000000000000000256683000000000256493000000000000000000000000000000100520111105201111052011                                                                               
1040001300015T 0600354908700000003717         870102150131               100520110000000000350003410010968000000010215010         0900000000000000008000000010215010                                  0000000000001900401010000                 
1040001300016U 06000000000000000000000000000000000000000000000000000000000000000000000035000000000000034810000000000000000000000000000000100520111105201111052011                                                                               
1040001300017T 0600354908700000003717         870102390101               100520110000000000382572370379268000000010239016         0900000000000000008000000010239016                                  0000000000001900401010000                 
1040001300018U 06000000000000000000000000000000000000000001913000000000000000000000000036344000000000036154000000000000000000000000000000100520111105201111052011                                                                               
1040001300019T 0600354908700000003717         870102980161               100520110000000000240003410046268000000010298012         0900000000000000008000000010298012                                  0000000000001900401010000                 
1040001300020U 06000000000000000000000000000000000000000000000000000000000000000000000024000000000000023810000000000000000000000000000000100520111105201111052011                                                                               
1040001300021T 0600354908700000003717         870103010171               100520110000000000135790330077368000000010301013         0900000000000000008000000010301013                                  0000000000001900401010000                 
1040001300022U 06000000000000000000000000000000000000000000000000000000000000000000000013579000000000013389000000000000000000000000000000100520111105201111052011                                                                               
1040001300023T 0600354908700000003717         870103040161               100520110000000000111283990115168000000010304012         0900000000000000008000000010304012                                  0000000000001900401010000                 
1040001300024U 06000000000000000000000000000000000000000000000000000000000000000000000011128000000000010938000000000000000000000000000000100520111105201111052011                                                                               
1040001300025T 0600354908700000003717         870103050121               100520110000000000272702370180268000000010305019         0900000000000000008000000010305019                                  0000000000001900401010000                 
1040001300026U 06000000000000000000000000000000000000000000000000000000000000000000000027270000000000027080000000000000000000000000000000100520111105201111052011                                                                               
1040001300027T 0600354908700000003717         870103060191               100520110000000000362352370379268000000010306015         0900000000000000008000000010306015                                  0000000000001900401010000                 
1040001300028U 06000000000000000000000000000000000000000000000000000000000000000000000036235000000000036045000000000000000000000000000000100520111105201111052011                                                                               
1040001300029T 0600354908700000003717         870103070151               100520110000000000326602370339968000000010307011         0900000000000000008000000010307011                                  0000000000001900401010000                 
1040001300030U 06000000000000000000000000000000000000000000400000000000000000000000000032260000000000032070000000000000000000000000000000100520111105201111052011                                                                               
1040001300031T 0600354908700000003717         870103080111               100520110000000000389410010486668000000010308018         0900000000000000008000000010308018                                  0000000000001900401010000                 
1040001300032U 06000000000000000000000000000000000000000000000000000000000000000000000038941000000000038751000000000000000000000000000000100520111105201111052011                                                                               
10400015         00003400000000000000000000000                       0000000000000000000000000000000000000000000000                                                                                                                             
10499999         000001000036                                                                                                                                                                                                                   
